@ONLINE {bootstrap201,
    author = "Bootstrap",
    title  = "Bootstrap is the most popular HTML, CSS, and JS framework for developing responsive, mobile first projects on the web.",
    month  = "nov",
    year   = "2016",
    url    = "http://getbootstrap.com/"
}

@ONLINE {foundation2016,
    author = "Foundation",
    title  = "Foundation for Sites 6: Get from Prototype to Production",
    month  = "nov",
    year   = "2016",
    url    = "http://foundation.zurb.com/sites.html"
}

@ONLINE {semanticui2016,
    author = "Semantic-UI",
    title  = "Semantic-UI: User Interface is the language of the web",
    month  = "nov",
    year   = "2016",
    url    = "http://semantic-ui.com/"
}

@ONLINE {validate.js2016,
    author = "VALIDATE.JS",
    title  = "Validate.js:",
    month  = "nov",
    year   = "2016",
    url    = "https://validatejs.org/#overview"
}

@ONLINE {validator.js2016,
    author = "Validator.js",
    title  = "Validator.js: Powerful objects and strings validation in javascript for Node and the browser",
    month  = "nov",
    year   = "2016",
    url    = "http://validatorjs.org/#validate-a-string"
}

@ONLINE {chriso2016,
    author = "chriso",
    title  = "validator.js: A library of string validators and sanitizers.",
    month  = "nov",
    year   = "2016",
    url    = "https://github.com/chriso/validator.js"
}

@ONLINE {mozilla2016,
    author = "mozilla",
    title  = "node-client-sessions: secure sessions stored in cookies",
    month  = "nov",
    year   = "2016",
    url    = "https://github.com/mozilla/node-client-sessions"
}

@ONLINE {expressjs2016,
    author = "expressjs",
    title  = "expressjs: Simple session middleware for Express",
    month  = "nov",
    year   = "2016",
    url    = "https://github.com/expressjs/session#compatible-session-stores"
}

@ONLINE {mongoDB,
    author = "mongoDB",
    title  = "MySQL and MongoDB Compared",
    month  = "nov",
    year   = "2016",
    url    = "https://www.mongodb.com/compare/mongodb-mysql"
}

@ONLINE {PostgreSQL,
    author = "O.S. Tezer",
    title  = "SQLite vs MySQL vs PostgreSQL: A Comparison Of Relational Database Management Systems",
    month  = "nov",
    year   = "2016",
    url    = "https://www.digitalocean.com/community/tutorials/sqlite-vs-mysql-vs-postgresql-a-comparison-of-relational-database-management-systems"
}

@ONLINE {10mySQLreasons,
    author = "Oracle",
    title  = "Top 10 Reasons to Choose MySQL for WEb-based Applications",
    month  = "nov",
    year   = "2016",
    url    = "http://www.oracle.com/us/products/mysql/mysql-wp-top10-webbased-apps-461054.pdf"
}

@ONLINE {l1,
    author = "Mikola Lysenko",
    title  = "l1 Path Finder",
    month  = "nov",
    year   = "2016",
    url    = "http://mikolalysenko.github.io/l1-path-finder/www/"
}

@ONLINE {pathfinding,
    author = "Xueqiao Xu",
    title  = "Pathfinder.js",
    month  = "nov",
    year   = "2016",
    url    = "https://github.com/qiao/PathFinding.js/"
}

@ONLINE {Easystar,
    author = "Bryce Neal",
    title  = "Easystar.js",
    month  = "nov",
    year   = "2016",
    url    = "http://easystarjs.com/"
}

@ONLINE {GPSjs,
    author = "Robert Eisele",
    title  = "GPS.js",
    month  = "nov",
    year   = "2016",
    url    = "https://www.npmjs.com/package/gps"
}

@ONLINE {Accuware,
    author = "Accuware",
    title  = "",
    month  = "nov",
    year   = "2016",
    url    = "https://www.npmjs.com/package/gps"
}

@ONLINE {rubyonrails,
    author = "Ruby on Rails",
    title  = "Getting Started With Rails",
    month  = "nov",
    year   = "2016",
    url    = "http://guides.rubyonrails.org/getting_started.html"
}

@ONLINE {Symfony,
    author = "Symfony",
    title  = "What Is Symfony",
    month  = "nov",
    year   = "2016",
    url    = "https://symfony.com/what-is-symfony"
}

@ONLINE {express,
    author = "Express",
    title  = "Express",
    month  = "nov",
    year   = "2016",
    url    = "http://expressjs.com/"
}

@ONLINE {leaflet,
    author = "Leaflet",
    title  = "ESRI Leaflet Quickstart",
    month  = "nov",
    year   = "2016",
    url    = "https://esri.github.io/esri-leaflet/examples/"
}

@ONLINE {d3.js,
    author = "D3.js",
    title  = "Data-Driven Documents",
    month  = "nov",
    year   = "2016",
    url    = "https://d3js.org/"
}

@ONLINE {openlayers,
    author = "OpenLayers",
    title  = "A high-performance, feature-packed library for all your mapping needs",
    month  = "nov",
    year   = "2016",
    url    = "https://openlayers.org/"
}

@ONLINE {Gentelella,
    author = "Gentelella",
    title  = "Gentelella",
    month  = "nov",
    year   = "2016",
    url    = "https://github.com/puikinsh/gentelella"
}

@ONLINE {twig,
    author = "Twig",
    title  = "The flexible, fast, and secure template engine for PHP",
    month  = "nov",
    year   = "2016",
    url    = "http://twig.sensiolabs.org/"
}



